@book{martin2018clean,
  title={Clean architecture: a craftsman's guide to software structure and design},
  author={Martin, Robert C and Grenning, James and Brown, Simon and Henney, Kevlin and Gorman, Jason},
  number={s 31},
  year={2018},
  publisher={Prentice Hall}
}

@misc{notionapi,
  author = {Notion},
  title = {Start building with the Notion API},
  year = 2022,
  howpublished = {\url{https://developers.notion.com/}},
  note = {Accessed: 2022-09-29}
}